@misc{hadoop,
note = {http://hadoop.apache.org/core/},
key = {Hadoop},
}

@misc{dryadlinq,
note = {http://research.microsoft.com/en-us/projects/DryadLINQ/},
key = {DryadLINQ},
}

@misc{seagate160gb,
note = {http://tinyurl.com/dascak},
key = {Seagate}
}

@misc{wd400gb,
note = {http://www.wdc.com/en/library/sata/2879-001136.pdf},
key = {Western Digital}
}

@misc{disc,
    author = {Randal E. Bryant},
    title = {Data-Intensive Supercomputing: The case for DISC}
}

@misc{hadoopterasort,
note = {http://www.hpl.hp.com/hosted/sortbenchmark/YahooHadoop.pdf},
key = {Hadoop TeraSort}
}
 
@misc{sortbenchmark,
note = {Sort Benchmark, http://sortbenchmark.org/},
key = {sortbenchmark}
}

@inproceedings{dryad,
author = {Isard,, Michael and Budiu,, Mihai and Yu,, Yuan and Birrell,, Andrew and Fetterly,, Dennis},
title = {{Dryad: distributed data-parallel programs from sequential building blocks}},
booktitle = {EuroSys '07: Proceedings of the 2nd ACM SIGOPS/EuroSys European Conference on Computer Systems 2007},
year = {2007},
isbn = {978-1-59593-636-3},
pages = {59--72},
location = {Lisbon, Portugal},
doi = {http://doi.acm.org/10.1145/1272996.1273005},
publisher = {ACM},
address = {New York, NY, USA},
}

@inproceedings{piglatin,
author = {Olston,, Christopher and Reed,, Benjamin and Srivastava,, Utkarsh and Kumar,, Ravi and Tomkins,, Andrew},
title = {{Pig latin: a not-so-foreign language for data processing}},
booktitle = {SIGMOD '08: Proceedings of the 2008 ACM SIGMOD international conference on Management of data},
year = {2008},
isbn = {978-1-60558-102-6},
pages = {1099--1110},
location = {Vancouver, Canada},
doi = {http://doi.acm.org/10.1145/1376616.1376726},
publisher = {ACM},
address = {New York, NY, USA},
}

@article{sawzall,
author = {Pike,, Rob and Dorward,, Sean and Griesemer,, Robert and Quinlan,, Sean},
title = {{Interpreting the data: Parallel analysis with Sawzall}},
journal = {Sci. Program.},
volume = {13},
number = {4},
year = {2005},
issn = {1058-9244},
pages = {277--298},
publisher = {IOS Press},
address = {Amsterdam, The Netherlands, The Netherlands},
}


@article{mapreduce,
author = {Dean,, Jeffrey and Ghemawat,, Sanjay},
title = {{MapReduce: simplified data processing on large clusters}},
journal = {Commun. ACM},
volume = {51},
number = {1},
year = {2008},
issn = {0001-0782},
pages = {107--113},
doi = {http://doi.acm.org/10.1145/1327452.1327492},
publisher = {ACM},
address = {New York, NY, USA},
}

@inproceedings{gordon,
author = {Caulfield,, Adrian M. and Grupp,, Laura M. and Swanson,, Steven},
title = {{Gordon: using flash memory to build fast, power-efficient clusters for data-intensive applications}},
booktitle = {ASPLOS '09: Proceeding of the 14th international conference on Architectural support for programming languages and operating systems},
year = {2009},
isbn = {978-1-60558-406-5},
pages = {217--228},
location = {Washington, DC, USA},
doi = {http://doi.acm.org/10.1145/1508244.1508270},
publisher = {ACM},
address = {New York, NY, USA},
}

@article{paralleldatabases,
author = {DeWitt,, David and Gray,, Jim},
title = {{Parallel database systems: the future of high performance database systems}},
journal = {Commun. ACM},
volume = {35},
number = {6},
year = {1992},
issn = {0001-0782},
pages = {85--98},
doi = {http://doi.acm.org/10.1145/129888.129894},
publisher = {ACM},
address = {New York, NY, USA},
}

@inproceedings{phoenix,
author = {Ranger,, Colby and Raghuraman,, Ramanan and Penmetsa,, Arun and Bradski,, Gary and Kozyrakis,, Christos},
title = {{Evaluating MapReduce for Multi-core and Multiprocessor Systems}},
booktitle = {HPCA '07: Proceedings of the 2007 IEEE 13th International Symposium on High Performance Computer Architecture},
year = {2007},
isbn = {1-4244-0804-0},
pages = {13--24},
doi = {http://dx.doi.org/10.1109/HPCA.2007.346181},
publisher = {IEEE Computer Society},
address = {Washington, DC, USA},
}
 
@article{dataseries,
author = {Anderson,, Eric and Arlitt,, Martin and Morrey,III, Charles B. and Veitch,, Alistair},
title = {{DataSeries: an efficient, flexible data format for structured serial data}},
journal = {SIGOPS Oper. Syst. Rev.},
volume = {43},
number = {1},
year = {2009},
issn = {0163-5980},
pages = {70--75},
doi = {http://doi.acm.org/10.1145/1496909.1496923},
publisher = {ACM},
address = {New York, NY, USA},
}
 
@inproceedings{gfs,
author = {Ghemawat,, Sanjay and Gobioff,, Howard and Leung,, Shun-Tak},
title = {{The Google file system}},
booktitle = {SOSP '03: Proceedings of the nineteenth ACM symposium on Operating systems principles},
year = {2003},
isbn = {1-58113-757-5},
pages = {29--43},
location = {Bolton Landing, NY, USA},
doi = {http://doi.acm.org/10.1145/945445.945450},
publisher = {ACM},
address = {New York, NY, USA},
}

@inproceedings{raid,
author = {Patterson, David A. and Gibson, Garth and Katz, Randy H.},
title = {{A case for redundant arrays of inexpensive disks (RAID)}},
booktitle = {SIGMOD '88: Proceedings of the 1988 ACM SIGMOD international conference on Management of data},
year = {1988},
sbn = {0-89791-268-3},
pages = {109--116},
location = {Chicago, Illinois, United States},
doi = {http://doi.acm.org/10.1145/50202.50214},
publisher = {ACM},
address = {New York, NY, USA},
}

@misc{cuda,
note = {NVIDIA CUDA, http://www.nvidia.com/cuda},
key = {cuda}
}
 
@misc{stream,
note = {ATI Stream, http://www.amd.com/stream},
key = {stream}
}
 
@misc{opencl,
note = {OpenCL, http://www.khronos.org/opencl/},
key = {opencl}
}

@misc{hadoop2009,
note = {Winning a 60 Second Dash with a Yellow Elephant, http://sortbenchmark.org/Yahoo2009.pdf},
key = {hadoop2009}
}

@misc{amazonec2,
note = {Amazon EC2, http://aws.amazon.com/ec2/},
key = {amazonec2}
}

@misc{sorting1pb,
note = {Sorting 1PB with MapReduce, http://googleblog.blogspot.com/2008/11/sorting-1pb-with-mapreduce.html},
key = {sorting1pb}
}

@misc{hdfs,
note = {HDFS, http://hadoop.apache.org/core/docs/current/hdfs\_design.html},
key = {hdfs}
}

@misc{intel,
note = {http://www.intel.com/pressroom/archive/releases/20090526comp.htm},
key = {intel}
}

@inproceedings{fawn,
author = {David G. Andersen and Jason Franklin and Amar Phanishayee and Lawrence Tan and Vijay Vasudevan},
title = {{FAWN: A Fast Array of Wimpy Nodes}},
booktitle = {SOSP '09: Proceedings of the 22nd ACM Symposium on Operating Systems Principles (SOSP 2009)},
year = {2009},
location = {Big Sky, MT, USA},
publisher = {ACM},
address = {New York, NY, USA},
}

@article{boyermoore,
 author = {Boyer, Robert S. and Moore, J. Strother},
 title = {{A fast string searching algorithm}},
 journal = {Commun. ACM},
 volume = {20},
 number = {10},
 year = {1977},
 issn = {0001-0782},
 pages = {762--772},
 doi = {http://doi.acm.org/10.1145/359842.359859},
 publisher = {ACM},
 address = {New York, NY, USA},
 }

