@inproceedings{Schindler02local,
    author = {Jiri Schindler and John Linwood Griffin and Christopher R. Lumb and Gregory R. Ganger},
    title = {{Track-aligned Extents: Matching Access Patterns to Disk Drive Characteristics}},
    booktitle = {In proceedings of the 1st USENIX Symposium on File and Storage Technologies},
    year = {2002},
    pages = {259--274}
}

@article{flux,
author = {Mehul A. Shah and Joseph M. Hellerstein and Sirish Chandrasekaran and Michael J. Franklin},
title = {{Flux: An Adaptive Partitioning Operator for Continuous Query Systems}},
journal ={{International Conference on Data Engineering}},
volume = {0},
issn = {1063-6382},
year = {2003},
pages = {25},
doi = {http://doi.ieeecomputersociety.org/10.1109/ICDE.2003.1260779},
publisher = {IEEE Computer Society},
address = {Los Alamitos, CA, USA},
}


@article{telegraph,
 author = {Shah, Mehul A. and Chandrasekaran, Sirish},
 title = {Fault-tolerant, load-balancing queries in telegraph},
 journal = {SIGMOD Rec.},
 volume = {30},
 number = {2},
 year = {2001},
 issn = {0163-5808},
 pages = {611},
 doi = {http://doi.acm.org/10.1145/376284.375773},
 publisher = {ACM},
 address = {New York, NY, USA},
 }


@inproceedings{river,
 author = {Arpaci-Dusseau, Remzi H. and Anderson, Eric and Treuhaft, Noah and Culler, David E. and Hellerstein, Joseph M. and Patterson, David and Yelick, Kathy},
 title = {{Cluster I/O with River: making the fast case common}},
 booktitle = {IOPADS '99: Proceedings of the sixth workshop on I/O in parallel and distributed systems},
 year = {1999},
 isbn = {1-58113-123-2},
 pages = {10--22},
 location = {Atlanta, Georgia, United States},
 doi = {http://doi.acm.org/10.1145/301816.301823},
 publisher = {ACM},
 address = {New York, NY, USA},
 }

@article{cubic-tcp,
 author = {Ha, Sangtae and Rhee, Injong and Xu, Lisong},
 title = "{CUBIC}: {A} New {TCP}-friendly High-speed {TCP} variant",
 journal = {SIGOPS Oper. Syst. Rev.},
 volume = {42},
 number = {5},
 year = {2008},
 issn = {0163-5980},
 pages = {64--74},
 doi = {http://doi.acm.org/10.1145/1400097.1400105},
 publisher = {ACM},
 address = {New York, NY, USA},
}

@INPROCEEDINGS{rapid-tcp,
 author={Konda, Vishnu and Kaur, Jasleen},
 title="{RAPID}: {Shrinking} the {Congestion-control} {Timescale}",
 booktitle={{INFOCOM '09}}, 
 year={2009},
 month={April},
 volume={},
 number={},
 pages={1 -9},
 doi={10.1109/INFCOM.2009.5061900},
 ISSN={0743-166X},
}

@inproceedings{mr-simulation,
author = {Guanying Wang and Ali R. Butt and Prashant Pandey and Karan
                  Gupta},
title = {{A Simulation Approach to Evaluating Design Decisions in
                  MapReduce Setups}},
booktitle = {17th IEEE/ACM MASCOTS},
year = {2009},
month = {September},
}

@article{stonebraker-mr,
author = {Michael Stonebraker and Daniel Abadi and David J. DeWitt and
                  Sam Madden and Erik Paulson and Andrew Pavlo and
                  Alexander Rasin},
title = {{MapReduce and Parallel DBMSs: Friends or Foes?}},
journal = {CACM},
year = {2010},
month = {January},
}

@article{dataseries,
 author = {Anderson, Eric and Arlitt, Martin and Morrey,III, Charles B. and Veitch, Alistair},
 title = {DataSeries: an efficient, flexible data format for structured serial data},
 journal = {SIGOPS Oper. Syst. Rev.},
 volume = {43},
 number = {1},
 year = {2009},
 issn = {0163-5980},
 pages = {70--75},
 doi = {http://doi.acm.org/10.1145/1496909.1496923},
 publisher = {ACM},
 address = {New York, NY, USA}
}

@article{Kumar08,
 author = {Kumar K.V, Aneesh and Cao, Mingming and Santos, Jose R. and Dilger, Andreas},
 title = {Ext4 block and inode allocator improvements},
 journal = {Proceedings of the Linux Symposium},
 year = {2008},
 pages = {263--274},
 address = {Ottawa, Ontario, Canada}
}

@inproceedings{Grider06,
    author = "G. Grider and H.B. Chen and J. Junez. and S. Poole and R. Wacha and P. Fields and R. Martinez and S. Khalsa and A. Matthews and G. Gibson",
    title = "{P}a{S}cal - {A} {N}ew {P}arallel and {S}calable {S}erver {IO} {N}etworking {I}nfrastructure for {S}upporting {G}lobal {S}torage/{F}ile {S}ystems in {L}arge-size {L}inux {C}lusters",
    booktitle = "{P}roceedings of the 25th {IEEE} {I}nternational {P}erformance {C}omputing and {C}ommunications {C}onference, {P}hoenix, {AZ}",
    year = 2006,
    month = apr,
}


@misc{sorting1pb,
author = {Grzegorz Czajkowski},
title = {{Sorting 1PB with MapReduce}},
note = {http://googleblog.blogspot.com/2008/11/sorting-1pb-with-mapreduce.html},
month = oct,
year = 2008,
}

@misc{hadoop2009,
author = {O'Malley, Owen and Murthy, Arun C.},
title = {{Winning a 60 Second Dash with a Yellow Elephant}},
note = {http://sortbenchmark.org/Yahoo2009.pdf},
month = apr,
year = 2009,
}

@misc{hadoop2008,
author = {Owen O'Malley},
title = {{TeraByte Sort on Apache Hadoop}},
note = {http://www.hpl.hp.com/hosted/sortbenchmark/YahooHadoop.pdf},
month = may,
year = 2008,
}

@misc{sortbenchmark,
author = {Nyberg, Chris and Shah, Mehul},
title = {{Sort Benchmark}},
note = {http://sortbenchmark.org/},
}

@article{mapreduce,
author = {Dean,, Jeffrey and Ghemawat,, Sanjay},
title = {{MapReduce: simplified data processing on large clusters}},
journal = {Communications of the ACM},
volume = {51},
number = {1},
year = {2008},
issn = {0001-0782},
pages = {107--113},
doi = {http://doi.acm.org/10.1145/1327452.1327492},
publisher = {ACM},
address = {New York, NY, USA},
}

@inproceedings{gfs,
author = {Ghemawat,, Sanjay and Gobioff,, Howard and Leung,, Shun-Tak},
title = {{The Google file system}},
booktitle = {SOSP '03: Proceedings of the nineteenth ACM symposium on Operating systems principles},
year = {2003},
isbn = {1-58113-757-5},
pages = {29--43},
location = {Bolton Landing, NY, USA},
doi = {http://doi.acm.org/10.1145/945445.945450},
publisher = {ACM},
address = {New York, NY, USA},
}

@misc{hadoop,
title = {{Apache Hadoop}},
note = {http://hadoop.apache.org/},
}

@misc{hdfs,
title = {{H}{D}{F}{S}},
note = {http://hadoop.apache.org/core/docs/current/hdfs\_design.html},
}

@inproceedings{dryad,
author = {Isard,, Michael and Budiu,, Mihai and Yu,, Yuan and Birrell,, Andrew and Fetterly,, Dennis},
title = {{Dryad: distributed data-parallel programs from sequential building blocks}},
booktitle = {EuroSys '07: Proceedings of the 2nd ACM SIGOPS/EuroSys European Conference on Computer Systems 2007},
year = {2007},
isbn = {978-1-59593-636-3},
pages = {59--72},
location = {Lisbon, Portugal},
doi = {http://doi.acm.org/10.1145/1272996.1273005},
publisher = {ACM},
address = {New York, NY, USA},
}

@inproceedings{dryadlinq,
  author = {Yuan Yu and Michael Isard and Dennis Fetterly and Mihai
                  Budiu and Ãšlfar Erlingsson and Pradeep Kumar Gunda
                  and Jon Currey},
  booktitle = {OSDI},
  crossref = {conf/osdi/2008},
  editor = {Richard Draves and Robbert van Renesse},
  interHash = {a6bfaad52d26b0a287b4e1811297c5ff},
  intraHash = {0d9189bd683571ca8458785e234deb08},
  pages = {1-14},
  publisher = {USENIX Association},
  title = {{DryadLINQ: A System for General-Purpose Distributed
                  Data-Parallel Computing Using a High-Level Language.}},
  url = {http://dblp.uni-trier.de/db/conf/osdi/osdi2008.html#YuIFBEGC08},
  year = {2008},
  ee = {http://www.usenix.org/events/osdi08/tech/full_papers/yu_y/yu_y.pdf},
  isbn = {978-1-931971-65-2},
  date = {2009-01-07}
}

@inproceedings{distagg,
 author = {Yu, Yuan and Gunda, Pradeep Kumar and Isard, Michael},
 title = {Distributed aggregation for data-parallel computing:
                  interfaces and implementations},
 booktitle = {SOSP '09: Proceedings of the ACM SIGOPS 22nd symposium
                  on Operating systems principles},
 year = {2009},
 isbn = {978-1-60558-752-3},
 pages = {247--260},
 location = {Big Sky, Montana, USA},
 doi = {http://doi.acm.org/10.1145/1629575.1629600},
 publisher = {ACM},
 address = {New York, NY, USA},
 }

@misc{hadoopsetup,
title = {{Hadoop Cluster Setup Documentation}},
note = {http://hadoop.apache.org/common/docs/r0.20.2/cluster\_setup.html},
}

@misc{hadoopsetup2,
author = {Sanjay Sharma},
title = {{Advanced Hadoop Tuning and Optimisation}},
note = {http://www.slideshare.net/ImpetusInfo/ppt-on-advanced-hadoop-tuning-n-optimisation},
month = dec,
year = 2009,
}

@misc{hadoopsetup3,
author = {Intel White Paper},
title = {{Optimizing Hadoop Deployments}},
month = oct,
year = 2009,
}

@article{efficiencymatters,
author = {Anderson, Eric and Tucek, Joseph},
title = {{Efficiency Matters!}},
journal = {HotStorage '09: Proceedings of the Workshop on Hot Topics in Storage and File Systems},
month = oct,
year = 2009,
doi = {http://doi.acm.org/10.1145/1327452.1327492},
publisher = {ACM},
address = {New York, NY, USA},
}

@MASTERSTHESIS{tshiranthesis,
   author = {Tomer Shiran},
   title = {{Efficient Data-Intensive Computing}},
   school = {Carnegie Mellon University},
   year = 2009,
}

@TECHREPORT{disc,
   author = {Randal E. Bryant},
   title = {{Data-Intensive Supercomputing: The case for DISC}},
   institution = {Carnegie Mellon University},
   year = 2007,
}

@inproceedings{piglatin,
author = {Olston,, Christopher and Reed,, Benjamin and Srivastava,, Utkarsh and Kumar,, Ravi and Tomkins,, Andrew},
title = {{Pig latin: a not-so-foreign language for data processing}},
booktitle = {SIGMOD '08: Proceedings of the 2008 ACM SIGMOD international conference on Management of data},
year = {2008},
isbn = {978-1-60558-102-6},
pages = {1099--1110},
location = {Vancouver, Canada},
doi = {http://doi.acm.org/10.1145/1376616.1376726},
publisher = {ACM},
address = {New York, NY, USA},
}

@article{sawzall,
author = {Pike,, Rob and Dorward,, Sean and Griesemer,, Robert and Quinlan,, Sean},
title = {{Interpreting the data: Parallel analysis with Sawzall}},
journal = {Sci. Program.},
volume = {13},
number = {4},
year = {2005},
issn = {1058-9244},
pages = {277--298},
publisher = {IOS Press},
address = {Amsterdam, The Netherlands, The Netherlands},
}


@inproceedings{gordon,
author = {Caulfield,, Adrian M. and Grupp,, Laura M. and Swanson,, Steven},
title = {{Gordon: using flash memory to build fast, power-efficient clusters for data-intensive applications}},
booktitle = {ASPLOS '09: Proceeding of the 14th international conference on Architectural support for programming languages and operating systems},
year = {2009},
isbn = {978-1-60558-406-5},
pages = {217--228},
location = {Washington, DC, USA},
doi = {http://doi.acm.org/10.1145/1508244.1508270},
publisher = {ACM},
address = {New York, NY, USA},
}

@inproceedings{fawn,
author = {David G. Andersen and Jason Franklin and Amar Phanishayee and Lawrence Tan and Vijay Vasudevan},
title = {{FAWN: A Fast Array of Wimpy Nodes}},
booktitle = {SOSP '09: Proceedings of the 22nd ACM Symposium on Operating Systems Principles (SOSP 2009)},
year = {2009},
location = {Big Sky, MT, USA},
publisher = {ACM},
address = {New York, NY, USA},
}

@article{paralleldatabases,
author = {DeWitt,, David and Gray,, Jim},
title = {{Parallel database systems: the future of high performance database systems}},
journal = {Commun. ACM},
volume = {35},
number = {6},
year = {1992},
issn = {0001-0782},
pages = {85--98},
doi = {http://doi.acm.org/10.1145/129888.129894},
publisher = {ACM},
address = {New York, NY, USA},
}

@inproceedings{phoenix,
author = {Ranger,, Colby and Raghuraman,, Ramanan and Penmetsa,, Arun and Bradski,, Gary and Kozyrakis,, Christos},
title = {{Evaluating MapReduce for Multi-core and Multiprocessor Systems}},
booktitle = {HPCA '07: Proceedings of the 2007 IEEE 13th International Symposium on High Performance Computer Architecture},
year = {2007},
isbn = {1-4244-0804-0},
pages = {13--24},
doi = {http://dx.doi.org/10.1109/HPCA.2007.346181},
publisher = {IEEE Computer Society},
address = {Washington, DC, USA},
}
 
@inproceedings{raid,
author = {Patterson, David A. and Gibson, Garth and Katz, Randy H.},
title = {{A case for redundant arrays of inexpensive disks (RAID)}},
booktitle = {SIGMOD '88: Proceedings of the 1988 ACM SIGMOD international conference on Management of data},
year = {1988},
sbn = {0-89791-268-3},
pages = {109--116},
location = {Chicago, Illinois, United States},
doi = {http://doi.acm.org/10.1145/50202.50214},
publisher = {ACM},
address = {New York, NY, USA},
}

@inproceedings{tashilocationaware,
    author = {Michael A. Kozuch and Michael P. Ryan and Richard Gass and Steven W. Schlosser and James Cipar and Elie Krevat and Michael Stroucken and Julio LÃ³pez and Gregory R. Ganger},
    title = {{Tashi: Location-aware Cluster Management}},
    booktitle = {{ACDC '09: First Workshop on Automated Control for Datacenters and Clouds}},
    month = jun,
    year = {2009}
}

@inproceedings{incast,
 author = {Phanishayee, Amar and Krevat, Elie and Vasudevan, Vijay and
                  Andersen, David G. and Ganger, Gregory R. and
                  Gibson, Garth A. and Seshan, Srinivasan},
 title = {{Measurement and analysis of TCP throughput collapse in
                  cluster-based storage systems}},
 booktitle = {FAST'08: Proceedings of the 6th USENIX Conference on
                  File and Storage Technologies},
 year = {2008},
 pages = {1--14},
 location = {San Jose, California},
 publisher = {USENIX Association},
 address = {Berkeley, CA, USA},
}

@misc{cuda,
note = {NVIDIA CUDA, http://www.nvidia.com/cuda},
key = {cuda}
}
 
@misc{stream,
note = {ATI Stream, http://www.amd.com/stream},
key = {stream}
}
 
@misc{opencl,
note = {OpenCL, http://www.khronos.org/opencl/},
key = {opencl}
}

@misc{amazonec2,
note = {Amazon EC2, http://aws.amazon.com/ec2/},
key = {amazonec2}
}

@misc{intel,
note = {http://www.intel.com/pressroom/archive/releases/20090526comp.htm},
key = {intel}
}

@article{boyermoore,
 author = {Boyer, Robert S. and Moore, J. Strother},
 title = {{A fast string searching algorithm}},
 journal = {Commun. ACM},
 volume = {20},
 number = {10},
 year = {1977},
 issn = {0001-0782},
 pages = {762--772},
 doi = {http://doi.acm.org/10.1145/359842.359859},
 publisher = {ACM},
 address = {New York, NY, USA},
 }

@misc{seagate160gb,
note = {http://tinyurl.com/dascak},
key = {Seagate}
}

@misc{wd400gb,
note = {http://www.wdc.com/en/library/sata/2879-001136.pdf},
key = {Western Digital}
}

@INPROCEEDINGS{Wachs07local,
    author = {Matthew Wachs and Michael Abd-El-Malek and Eno Thereska
                  and Gregory R. Ganger},
    title = {{Argon: Performance insulation for shared storage
                  servers}},
    booktitle = {{In Proceedings of the 5th USENIX Conference on File
                  and Storage Technologies.}},
    year = {2007},
    pages = {61--76},
    publisher = {USENIX Association}
}

@ARTICLE{Ruemmler94local,
    author = {Chris Ruemmler and John Wilkes},
    title = {An introduction to disk drive modeling},
    journal = {IEEE Computer},
    year = {1994},
    volume = {27},
    pages = {17--28}
}

