@inproceedings{LeungUsenix08,
    author = "Andrew W. Leung and Shankar Pasupathy and Garth Goodson and Ethan L. Miller",
    title = "Measurement and Analysis of Large-Scale Network File System Workloads",
    booktitle = "USENIX Refereed Paper",
    pages = "213--226",
    month = "June",
    year = "2008"
}

@INPROCEEDINGS{Manku98approximatemedians,
    author = {Gurmeet Singh Manku and Sridhar Rajagopalan and Bruce G. Lindsay},
    title = {Approximate medians and other quantiles in one pass and with limited memory},
    booktitle = {SIGMOD},
    year = {1998},
    pages = {426--435}
}

@inproceedings{gray97cube,
    author = {Jim Gray and Surajit Chaudhuri and Adam Bosworth and Andrew Layman and Don Reichart and Murali Venkatrao and Frank Pellow and Hamid Pirahesh},
    title = {Data Cube: A Relational Aggregation Operator Generalizing Group-By, Cross-Tab, and Sub-Totals},
    booktitle = {Data Mining and Knowledge Discover},
    volume = 1,
    year = 1997,
    pages = {29--53}
}

@inproceedings{codd70relational,
    author = "Edgar F. Codd",
    title = {A Relational Model of Data for Large Shared Data Banks},
    booktitle = {Communications of the ACM},
    volume = 13,
    year = 1970,
    pages = {377-387}
}
