@misc{wikipedia:sqldb,
  note = "Wikipedia: SQL Databases http://...."
}

@misc{dataseries-tr,
  note = "DataSeries TR http://..."
}

@misc{BZIP2,
    note = "bzip2 compression library, http://www.bzip.org/, accessed March 2007
"
}

@misc{LZF,
    note = "lzf compression library, http://www.goof.com/pcg/marc/liblzf.html"
}

@misc{LZO,
    note = "lzo compression library, http://www.oberhumer.com/opensource/lzo/"
}

@misc{GZIP,
    note = "gzip compression library, http://www.gzip.org/"
}
