% Strings


% Preamble


% BibTeX Entries

@misc{hadoop,
 title = {http://hadoop.apache.org/core/},
 key = {Hadoop},
 }

@misc{dryadlinq,
 title = {http://research.microsoft.com/en-us/projects/DryadLINQ/},
 key = {DryadLINQ},
 }

@inproceedings{dryad,
 author = {Isard,, Michael and Budiu,, Mihai and Yu,, Yuan and Birrell,, Andrew and Fetterly,, Dennis},
 title = {Dryad: distributed data-parallel programs from sequential building blocks},
 booktitle = {EuroSys '07: Proceedings of the 2nd ACM SIGOPS/EuroSys European Conference on Computer Systems 2007},
 year = {2007},
 isbn = {978-1-59593-636-3},
 pages = {59--72},
 location = {Lisbon, Portugal},
 doi = {http://doi.acm.org/10.1145/1272996.1273005},
 publisher = {ACM},
 address = {New York, NY, USA},
 }

@inproceedings{piglatin,
 author = {Olston,, Christopher and Reed,, Benjamin and Srivastava,, Utkarsh and Kumar,, Ravi and Tomkins,, Andrew},
 title = {Pig latin: a not-so-foreign language for data processing},
 booktitle = {SIGMOD '08: Proceedings of the 2008 ACM SIGMOD international conference on Management of data},
 year = {2008},
 isbn = {978-1-60558-102-6},
 pages = {1099--1110},
 location = {Vancouver, Canada},
 doi = {http://doi.acm.org/10.1145/1376616.1376726},
 publisher = {ACM},
 address = {New York, NY, USA},
 }

@article{sawzall,
 author = {Pike,, Rob and Dorward,, Sean and Griesemer,, Robert and Quinlan,, Sean},
 title = {Interpreting the data: Parallel analysis with Sawzall},
 journal = {Sci. Program.},
 volume = {13},
 number = {4},
 year = {2005},
 issn = {1058-9244},
 pages = {277--298},
 publisher = {IOS Press},
 address = {Amsterdam, The Netherlands, The Netherlands},
 }


@article{mapreduce,
 author = {Dean,, Jeffrey and Ghemawat,, Sanjay},
 title = {MapReduce: simplified data processing on large clusters},
 journal = {Commun. ACM},
 volume = {51},
 number = {1},
 year = {2008},
 issn = {0001-0782},
 pages = {107--113},
 doi = {http://doi.acm.org/10.1145/1327452.1327492},
 publisher = {ACM},
 address = {New York, NY, USA},
 }

@inproceedings{gordon,
 author = {Caulfield,, Adrian M. and Grupp,, Laura M. and Swanson,, Steven},
 title = {Gordon: using flash memory to build fast, power-efficient clusters for data-intensive applications},
 booktitle = {ASPLOS '09: Proceeding of the 14th international conference on Architectural support for programming languages and operating systems},
 year = {2009},
 isbn = {978-1-60558-406-5},
 pages = {217--228},
 location = {Washington, DC, USA},
 doi = {http://doi.acm.org/10.1145/1508244.1508270},
 publisher = {ACM},
 address = {New York, NY, USA},
 }

@article{paralleldatabases,
 author = {DeWitt,, David and Gray,, Jim},
 title = {Parallel database systems: the future of high performance database systems},
 journal = {Commun. ACM},
 volume = {35},
 number = {6},
 year = {1992},
 issn = {0001-0782},
 pages = {85--98},
 doi = {http://doi.acm.org/10.1145/129888.129894},
 publisher = {ACM},
 address = {New York, NY, USA},
 }

@inproceedings{phoenix,
 author = {Ranger,, Colby and Raghuraman,, Ramanan and Penmetsa,, Arun and Bradski,, Gary and Kozyrakis,, Christos},
 title = {Evaluating MapReduce for Multi-core and Multiprocessor Systems},
 booktitle = {HPCA '07: Proceedings of the 2007 IEEE 13th International Symposium on High Performance Computer Architecture},
 year = {2007},
 isbn = {1-4244-0804-0},
 pages = {13--24},
 doi = {http://dx.doi.org/10.1109/HPCA.2007.346181},
 publisher = {IEEE Computer Society},
 address = {Washington, DC, USA},
 }
